<record><leader>00000cas a22000007a 4500</leader><controlfield tag="001">12498069</controlfield><controlfield tag="008">850906d18981900orudn ne      0    0eng  </controlfield><controlfield tag="009">466</controlfield><datafield ind1=" " ind2=" " tag="010"><subfield code="a">sn 85042468 </subfield></datafield><datafield ind1=" " ind2=" " tag="040"><subfield code="a">DLC</subfield><subfield code="b">eng</subfield><subfield code="c">DLC</subfield><subfield code="d">OCN</subfield><subfield code="d">DLC</subfield><subfield code="d">OCLCF</subfield></datafield><datafield ind1=" " ind2=" " tag="042"><subfield code="a">msc</subfield></datafield><datafield ind1=" " ind2=" " tag="043"><subfield code="a">n-us-or</subfield></datafield><datafield ind1="0" ind2="0" tag="050"><subfield code="a">Newspaper</subfield></datafield><datafield ind1="0" ind2=" " tag="130"><subfield code="a">Oregon statesman (Salem, Or. : 1898)</subfield></datafield><datafield ind1="1" ind2="4" tag="245"><subfield code="a">The Oregon statesman.</subfield></datafield><datafield ind1="3" ind2="0" tag="246"><subfield code="a">Statesman</subfield></datafield><datafield ind1="1" ind2="7" tag="246"><subfield code="a">Oregon daily statesman</subfield><subfield code="f">Mar. 20-29, 1898</subfield></datafield><datafield ind1=" " ind2=" " tag="260"><subfield code="a">Salem, Or. :</subfield><subfield code="b">Statesman Pub. Co.,</subfield><subfield code="c">1898-1900.</subfield></datafield><datafield ind1=" " ind2=" " tag="300"><subfield code="a">3 v.</subfield></datafield><datafield ind1=" " ind2=" " tag="310"><subfield code="a">Daily (except Monday)</subfield></datafield><datafield ind1="0" ind2=" " tag="362"><subfield code="a">46th year (Mar. 20, 1898)-v. 49, no. 177 (Oct. 30, 1900).</subfield></datafield><datafield ind1=" " ind2=" " tag="530"><subfield code="a">Available on microfilm from Recordak Corporation, Los Angeles Branch.</subfield></datafield><datafield ind1=" " ind2="0" tag="651"><subfield code="a">Salem (Or.)</subfield><subfield code="v">Newspapers.</subfield></datafield><datafield ind1=" " ind2="0" tag="651"><subfield code="a">Marion County (Or.)</subfield><subfield code="v">Newspapers.</subfield></datafield><datafield ind1=" " ind2="7" tag="655"><subfield code="a">Newspapers.</subfield><subfield code="2">fast</subfield><subfield code="0">(OCoLC)fst01423814</subfield></datafield><datafield ind1=" " ind2="7" tag="651"><subfield code="a">Oregon</subfield><subfield code="z">Marion County.</subfield><subfield code="2">fast</subfield><subfield code="0">(OCoLC)fst01206529</subfield></datafield><datafield ind1=" " ind2="7" tag="651"><subfield code="a">Oregon</subfield><subfield code="z">Salem.</subfield><subfield code="2">fast</subfield><subfield code="0">(OCoLC)fst01202924</subfield></datafield><datafield ind1=" " ind2=" " tag="752"><subfield code="a">United States</subfield><subfield code="b">Oregon</subfield><subfield code="c">Marion</subfield><subfield code="d">Salem.</subfield></datafield><datafield ind1="0" ind2="0" tag="780"><subfield code="t">Oregon daily statesman (Salem, Or. : 1896)</subfield><subfield code="w">(DLC)sn 99063946</subfield><subfield code="w">(OCoLC)33883616</subfield></datafield><datafield ind1="0" ind2="0" tag="785"><subfield code="t">Daily Oregon statesman (Salem, Or. : 1900)</subfield><subfield code="w">(DLC)sn 85042469</subfield><subfield code="w">(OCoLC)12498147</subfield></datafield></record>